@inproceedings {alexander-kapovitch-petrunin2011,
    AUTHOR = {Alexander, S. and Kapovitch, V. and Petrunin, A.},
     TITLE = {Alexandrov meets {K}irszbraun},
 BOOKTITLE = {Proceedings of the {G}\"{o}kova {G}eometry-{T}opology {C}onference
              2010},
     PAGES = {88--109},
 PUBLISHER = {Int. Press, Somerville, MA},
      YEAR = {2011},
   MRCLASS = {53C23},
  MRNUMBER = {2931882},
MRREVIEWER = {Koichi Nagano},
addendum={arXiv: \texttt{1012.5636v2 [math.DG]}}
}

@book{alexander-kapovitch-petrunin2022,
      title={Alexandrov geometry: foundations}, 
      author={Alexander, S. and Kapovitch, V. and Petrunin, A.},
      year={2022},
      eprint={1903.08539},
      archivePrefix={arXiv},
      primaryClass={math.DG}
}

@article {eskenazis-mendel-naor,
    AUTHOR = {Eskenazis, A. and Mendel, M. and Naor, A.},
     TITLE = {Nonpositive curvature is not coarsely universal},
   JOURNAL = {Invent. Math.},
  FJOURNAL = {Inventiones Mathematicae},
    VOLUME = {217},
      YEAR = {2019},
    NUMBER = {3},
     PAGES = {833--886},
      ISSN = {0020-9910},
   MRCLASS = {53C23 (46B03 51F99 53C21)},
  MRNUMBER = {3989255},
       DOI = {10.1007/s00222-019-00878-1},
       URL = {https://doi.org/10.1007/s00222-019-00878-1},
}



@article {gromov2001,
    AUTHOR = {Gromov, M.},
     TITLE = {{CAT}($\kappa$)-spaces: construction and concentration},
   JOURNAL = {Zap. Nauchn. Sem. S.-Peterburg. Otdel. Mat. Inst. Steklov.
              (POMI)},
  FJOURNAL = {Rossi\u{\i}skaya Akademiya Nauk. Sankt-Peterburgskoe Otdelenie.
              Matematicheski\u{\i} Institut im. V. A. Steklova. Zapiski Nauchnykh
              Seminarov (POMI)},
    VOLUME = {280},
      YEAR = {2001},
    NUMBER = {Geom. i Topol. 7},
     PAGES = {100--140, 299--300},
      ISSN = {0373-2703},
   MRCLASS = {53C23 (20F67 53C45)},
  MRNUMBER = {1879258},
MRREVIEWER = {Athanase Papadopoulos},
       DOI = {10.1023/B:JOTH.0000008756.15786.0f},
       URL = {https://doi.org/10.1023/B:JOTH.0000008756.15786.0f},
}

@book {gromov2007,
    AUTHOR = {Gromov, M.},
     TITLE = {Metric structures for {R}iemannian and non-{R}iemannian
              spaces},
    SERIES = {Modern Birkh\"{a}user Classics},
 %PUBLISHER = {Birkh\"{a}user Boston, Inc., Boston, MA},
      YEAR = {2007},
    % PAGES = {xx+585},
      ISBN = {978-0-8176-4582-3; 0-8176-4582-9},
   MRCLASS = {53C23 (53-02)},
  MRNUMBER = {2307192},
}

@article {lebedeva,
    AUTHOR = {Lebedeva, N.},
     TITLE = {On open flat sets in spaces with bipolar comparison},
   JOURNAL = {Geom. Dedicata},
  FJOURNAL = {Geometriae Dedicata},
    VOLUME = {203},
      YEAR = {2019},
     PAGES = {347--351},
      ISSN = {0046-5755},
   MRCLASS = {53C20 (53C23)},
  MRNUMBER = {4027598},
MRREVIEWER = {Pedro Duarte Morais},
       DOI = {10.1007/s10711-019-00439-z},
       URL = {https://doi.org/10.1007/s10711-019-00439-z},
}

@article {lebedeva-petrunin2010,
    AUTHOR = {Lebedeva, N. and Petrunin, A.},
     TITLE = {Curvature bounded below: a definition a la {B}erg--{N}ikolaev},
   JOURNAL = {Electron. Res. Announc. Math. Sci.},
  FJOURNAL = {Electronic Research Announcements in Mathematical Sciences},
    VOLUME = {17},
      YEAR = {2010},
     PAGES = {122--124},
   MRCLASS = {53C45 (51K10)},
  MRNUMBER = {2735031},
MRREVIEWER = {Koichi Nagano},
       DOI = {10.3934/era.2010.17.122},
       URL = {https://doi.org/10.3934/era.2010.17.122},
}

@article {lebedeva-petrunin2021,
    AUTHOR = {Lebedeva, N. and Petrunin, A.},
     TITLE = {5-point {CAT(0)} spaces after {T}etsu {T}oyoda},
   JOURNAL = {Anal. Geom. Metr. Spaces},
  FJOURNAL = {Analysis and Geometry in Metric Spaces},
    VOLUME = {9},
      YEAR = {2021},
    NUMBER = {1},
     PAGES = {160--166},
   MRCLASS = {53C23 (51F99)},
  MRNUMBER = {4298102},
       DOI = {10.1515/agms-2020-0126},
       URL = {https://doi.org/10.1515/agms-2020-0126},
}

@article{lebedeva-petrunin2022,
      title={Graph comparison meets Alexandrov}, 
      author={N. Lebedeva and A. Petrunin},
      year={2022},
      eprint={2212.08016},
      archivePrefix={arXiv},
      primaryClass={math.MG},
      addendum={To appear in \emph{Sib. Math. J.}}
}

@article{lebedeva-petrunin2023,
    author = {Lebedeva, N. and Petrunin, A.},
    title = {Five-point Toponogov theorem},
    JOURNAL = {Int. Math. Res. Not. IMRN},
    FJOURNAL = {International Mathematics Research Notices},
    year = {2023},
    month = {03},
    issn = {1073-7928},
    doi = {10.1093/imrn/rnad027},
    url = {https://doi.org/10.1093/imrn/rnad027},
   % eprint = {https://academic.oup.com/imrn/advance-article-pdf/doi/10.1093/imrn/rnad027/49718204/rnad027.pdf},
}

@article {lebedeva-petrunin-zolotov,
    AUTHOR = {Lebedeva, N. and Petrunin, A. and Zolotov, V.},
     TITLE = {Bipolar comparison},
   JOURNAL = {Geom. Funct. Anal.},
  FJOURNAL = {Geometric and Functional Analysis},
    VOLUME = {29},
      YEAR = {2019},
    NUMBER = {1},
     PAGES = {258--282},
      ISSN = {1016-443X},
   MRCLASS = {53C23},
  MRNUMBER = {3925110},
MRREVIEWER = {Nan Li},
       DOI = {10.1007/s00039-019-00481-9},
       URL = {https://doi.org/10.1007/s00039-019-00481-9},
}

@article {foertsch-lytchak-schroeder,
    AUTHOR = {Foertsch, T. and Lytchak, A. and Schroeder, V.},
     TITLE = {Nonpositive curvature and the {P}tolemy inequality},
   JOURNAL = {Int. Math. Res. Not. IMRN},
  FJOURNAL = {International Mathematics Research Notices. IMRN},
      YEAR = {2007},
    NUMBER = {22},
     PAGES = {Art. ID rnm100, 15},
      ISSN = {1073-7928},
   MRCLASS = {53C23 (53C70)},
  MRNUMBER = {2376212},
MRREVIEWER = {Daniel P. Groves},
       DOI = {10.1093/imrn/rnm100},
       URL = {https://doi.org/10.1093/imrn/rnm100},
}
		

@article {noar,
    AUTHOR = {Naor, A.},
     TITLE = {An introduction to the {R}ibe program},
   JOURNAL = {Jpn. J. Math.},
  FJOURNAL = {Japanese Journal of Mathematics},
    VOLUME = {7},
      YEAR = {2012},
    NUMBER = {2},
     PAGES = {167--233},
      ISSN = {0289-2316},
   MRCLASS = {46-02 (46B07 46B80 46B85)},
  MRNUMBER = {2995229},
       DOI = {10.1007/s11537-012-1222-7},
       URL = {https://doi.org/10.1007/s11537-012-1222-7},
}


@article {petrunin2017,
AUTHOR = {Petrunin, A.},
TITLE = {In search of a five-point Alexandrov type condition},
JOURNAL = {St. Petersburg Math. J.},
VOLUME = {29},
YEAR = {2018},
NUMBER = {1},
PAGES = {223--225},
}


@article{toyoda2020,
    AUTHOR = {Toyoda, T.},
     TITLE = {An intrinsic characterization of five points in a
              {CAT}(0) space},
   JOURNAL = {Anal. Geom. Metr. Spaces},
  FJOURNAL = {Analysis and Geometry in Metric Spaces},
    VOLUME = {8},
      YEAR = {2020},
    NUMBER = {1},
     PAGES = {114--165},
   MRCLASS = {53C23 (51F99)},
  MRNUMBER = {4141370},
       DOI = {10.1515/agms-2020-0111},
       URL = {https://doi.org/10.1515/agms-2020-0111},
}

@article{toyoda2023,
    AUTHOR = {Toyoda, T.},
     TITLE = {A non-geodesic analogue of {R}eshetnyak's majorization
              theorem},
   JOURNAL = {Anal. Geom. Metr. Spaces},
  FJOURNAL = {Analysis and Geometry in Metric Spaces},
    VOLUME = {11},
      YEAR = {2023},
    NUMBER = {1},
     PAGES = {agms--2022--0151},
   MRCLASS = {53C23 (51F99)},
  MRNUMBER = {4566790},
       DOI = {10.1515/agms-2022-0151},
       URL = {https://doi.org/10.1515/agms-2022-0151},
}
